@article{hsu2011robust,
  title={Robust matrix decomposition with sparse corruptions},
  author={Hsu, Daniel and Kakade, Sham M and Zhang, Tong},
  journal={Information Theory, IEEE Transactions on},
  volume={57},
  number={11},
  pages={7221--7234},
  year={2011}
}

@inproceedings{xu2010robust,
  title={Robust PCA via outlier pursuit},
  author={Xu, Huan and Caramanis, Constantine and Sanghavi, Sujay},
  booktitle={Advances in Neural Information Processing Systems},
  pages={2496--2504},
  year={2010}
}

@book{boyd2009convex,
  title={Convex optimization},
  author={Boyd, Stephen and Vandenberghe, Lieven},
  year={2009},
  publisher={Cambridge university press}
}

@article{admmbregman,
  title={Alternating Direction Methods with Bregman Divergences},
  author={Wang, Huahua and Banerjee, Arindam}
}

@article{wang2012online,
  title={Online alternating direction method},
  author={Wang, Huahua and Banerjee, Arindam},
  journal={arXiv preprint arXiv:1206.6448},
  year={2012}
}

@article{admm:boyd2011distributed,
  title={Distributed optimization and statistical learning via the alternating direction method of multipliers},
  author={Boyd, Stephen and Parikh, Neal and Chu, Eric and Peleato, Borja and Eckstein, Jonathan},
  journal={Foundations and Trends{\textregistered} in Machine Learning},
  volume={3},
  number={1},
  pages={1--122},
  year={2011},
  publisher={Now Publishers Inc.}
}

@article{recht2010guaranteed,
  title={Guaranteed minimum-rank solutions of linear matrix equations via nuclear norm minimization},
  author={Recht, Benjamin and Fazel, Maryam and Parrilo, Pablo A},
  journal={SIAM review},
  volume={52},
  number={3},
  pages={471--501},
  year={2010},
  publisher={SIAM}
}

@article{chen2012sparse,
  title={Sparse Trace Norm Regularization},
  author={Chen, Jianhui and Ye, Jieping},
  journal={arXiv preprint arXiv:1206.0333},
  year={2012}
}

@inproceedings{mtl:nips2012:lin2012multi,
  title={Multi-task Vector Field Learning},
  author={Lin, Binbin and Yang, Sen and Zhang, Chiyuan and Ye, Jieping and He, Xiaofei},
  booktitle={Advances in Neural Information Processing Systems 25},
  pages={296--304},
  year={2012}
}

@MANUAL{MALSAR:zhou2012mutal,
   title= {MALSAR: Multi-tAsk Learning via StructurAl Regularization},
   author= {Jiayu Zhou and Jianhui Chen and Jieping Ye},
   organization= {Arizona State University},
   year= {2011},
   url= {http://www.public.asu.edu/~jye02/Software/MALSAR},
}

@article{mtl:mlj2008:argyriou2008convex,
  title={Convex multi-task feature learning},
  author={Argyriou, Andreas and Evgeniou, Theodoros and Pontil, Massimiliano},
  journal={Machine Learning},
  volume={73},
  number={3},
  pages={243--272},
  year={2008}
}

@inproceedings{mtl:kdd2004:regularized:evgeniou2004regularized,
  title={Regularized multi--task learning},
  author={Evgeniou, Theodoros and Pontil, Massimiliano},
  booktitle={Proceedings of the tenth ACM SIGKDD international conference on Knowledge discovery and data mining},
  pages={109--117},
  year={2004},
  organization={ACM}
}

@article{mtl:jmlr2003:bakker2003task,
  title={Task clustering and gating for bayesian multitask learning},
  author={Bakker, Bart and Heskes, Tom},
  journal={The Journal of Machine Learning Research},
  volume={4},
  pages={83--99},
  year={2003}
}

@article{mtl:sc2009:obozinski2010joint,
  title={Joint covariate selection and joint subspace selection for multiple classification problems},
  author={Obozinski, Guillaume and Taskar, Ben and Jordan, Michael I},
  journal={Statistics and Computing},
  volume={20},
  number={2},
  pages={231--252},
  year={2010}
}

@article{mtl:siam2010:pong2010trace,
  title={Trace norm regularization: reformulations, algorithms, and multi-task learning},
  author={Pong, Ting Kei and Tseng, Paul and Ji, Shuiwang and Ye, Jieping},
  journal={SIAM Journal on Optimization},
  volume={20},
  number={6},
  pages={3465--3489},
  year={2010},
  publisher={SIAM}
}

@inproceedings{mtl:icml2005:yu2005learning,
  title={{Learning Gaussian processes from multiple tasks}},
  author={Yu, Kai and Tresp, Volker and Schwaighofer, Anton},
  booktitle={Proceedings of the 22nd international conference on Machine learning},
  pages={1012--1019},
  year={2005}
}

@article{mtl:evgeniou2006learning,
  title={Learning multiple tasks with kernel methods},
  author={Evgeniou, Theodoros and Micchelli, Charles A and Pontil, Massimiliano},
  journal={Journal of Machine Learning Research},
  volume={6},
  number={1},
  pages={615},
  year={2006},
  publisher={THE MIT PRESS}
}

@InProceedings{cmtl:ICML2012:Kumar_690,
  author =    {Abhishek Kumar and Hal Daume III},
  title =     {Learning Task Grouping and Overlap in Multi-task Learning},
  booktitle = {Proceedings of the 29th International Conference on Machine Learning (ICML-12)},
  series =    {ICML '12},
  year =      {2012},
  pages=      {1383--1390}
}

@inproceedings{mtl:icml2010:kim2010tree,
  title={Tree-guided group lasso for multi-task regression with structured sparsity},
  author={Kim, Seyoung and Xing, Eric P},
  booktitle={Proceedings of the 27th Annual International Conference on Machine Learning},
  year={2010}
}

@inproceedings{mtl:nips2010:manifold:agarwal2010learning,
  title={Learning multiple tasks using manifold regularization},
  author={Agarwal, Arvind and Daum{\'e} III, Hal and Gerber, Samuel},
  journal={Advances in neural information processing systems},
  volume={23},
  pages={46--54},
  year={2010}
}

@inproceedings{cmtl:icml2012:flexiblecluster:zhong2012convex,
  title={Convex Multitask Learning with Flexible Task Clusters},
  author={Zhong, Wenliang and Kwok, James},
  booktitle={Proceedings of the 29th Annual International Conference on Machine Learning},
  year={2012}
}




@inproceedings{ji2009accelerated,
  title={An accelerated gradient method for trace norm minimization},
  author={Ji, Shuiwang and Ye, Jieping},
  booktitle={Proceedings of the 26th Annual International Conference on Machine Learning},
  pages={457--464},
  year={2009},
  organization={ACM}
}



@article{mtl:aso:ando2005framework,
  title={A framework for learning predictive structures from multiple tasks and unlabeled data},
  author={Ando, Rie Kubota and Zhang, Tong},
  journal={The Journal of Machine Learning Research},
  volume={6},
  pages={1817--1853},
  year={2005}
}

@inproceedings{mtl:icml2009:chen2009convex,
  title={A convex formulation for learning shared structures from multiple tasks},
  author={Chen, Jianhui and Tang, Lei and Liu, Jun and Ye, Jieping},
  booktitle={Proceedings of the 26th Annual International Conference on Machine Learning},
  pages={137--144},
  year={2009},
  organization={ACM}
}

@article{cmtl:nips2011:zhou2011clustered,
  title={Clustered multi-task learning via alternating structure optimization},
  author={Zhou, Jiayu and Chen, Jianhui and Ye, Jieping},
  journal={Advances in Neural Information Processing Systems},
  volume={25},
  year={2011}
}


@inproceedings{ica1,
  title={Independent component analysis for remote sensing study},
  author={Chen, Chi Hau and Zhang, Xiaohui},
  booktitle={Remote Sensing},
  pages={150--158},
  year={1999},
  organization={International Society for Optics and Photonics}
}

@inproceedings{ica2,
  title={Analyzing hyperspectral data with independent component analysis},
  author={Bayliss, Jessica D and Gualtieri, J Anthony and Cromp, Robert F},
  booktitle={26th AIPR Workshop: Exploiting New Image Sources and Sensors},
  pages={133--143},
  year={1998},
  organization={International Society for Optics and Photonics}
}

@article{ica3,
  title={Unsupervised signature extraction and separation in hyperspectral images: A noise-adjusted fast independent component analysis approach},
  author={Tu, Te-Ming},
  journal={Optical Engineering},
  volume={39},
  number={4},
  pages={897--906},
  year={2000},
  publisher={International Society for Optics and Photonics}
}

@article{ica4,
  title={Does independent component analysis play a role in unmixing hyperspectral data?},
  author={Nascimento, Jos{\'e} MP and Dias, JM Bioucas},
  journal={Geoscience and Remote Sensing, IEEE Transactions on},
  volume={43},
  number={1},
  pages={175--187},
  year={2005},
  publisher={IEEE}
}

@article{mtl:nips2005:ica:zhang2006learning,
  title={Learning multiple related tasks using latent independent component analysis},
  author={Zhang, Jian and Ghahramani, Zoubin and Yang, Yiming},
  journal={Advances in neural information processing systems},
  volume={18},
  pages={1585},
  year={2005},

}

@article{bioucas2012hyperspectral,
  title={Hyperspectral unmixing overview: Geometrical, statistical, and sparse regression-based approaches},
  author={Bioucas-Dias, Jos{\'e} M and Plaza, Antonio and Dobigeon, Nicolas and Parente, Mario and Du, Qian and Gader, Paul and Chanussot, Jocelyn},
  journal={Selected Topics in Applied Earth Observations and Remote Sensing, IEEE Journal of},
  volume={5},
  number={2},
  pages={354--379},
  year={2012},
  publisher={IEEE}
}

@article{ice:berman2009ice,
  title={ICE: a new method for the multivariate curve resolution of hyperspectral images},
  author={Berman, Mark and Phatak, Aloke and Lagerstrom, Ryan and Wood, Bayden R},
  journal={Journal of Chemometrics},
  volume={23},
  number={2},
  pages={101--116},
  year={2009}
}

@article{cca:ifarraguerri1999multispectral,
  title={Multispectral and hyperspectral image analysis with convex cones},
  author={Ifarraguerri, Agustin and Chang, C-I},
  journal={Geoscience and Remote Sensing, IEEE Transactions on},
  volume={37},
  number={2},
  pages={756--770},
  year={1999}
}

@inproceedings{smacc:gruninger2004sequential,
  title={The sequential maximum angle convex cone (SMACC) endmember model},
  author={Gruninger, John H and Ratkowski, Anthony J and Hoke, Michael L},
  booktitle={Defense and Security},
  pages={1--14},
  year={2004},
  organization={International Society for Optics and Photonics}
}

@ARTICLE{PCE,
author={Zare, A. and Gader, P.},
journal={Geoscience and Remote Sensing, IEEE Transactions on}, title={PCE: Piecewise Convex Endmember Detection},
year={2010},
volume={48},
number={6},
pages={2620-2632}
}

@MANUAL{zhou2012mutal,
   title= {MALSAR: Multi-tAsk Learning via StructurAl Regularization},
   author= {J. Zhou and J. Chen and J. Ye},
   organization= {Arizona State University},
   year= {2011},
   url= {http://www.public.asu.edu/~jye02/Software/MALSAR},
}

@inproceedings{mtl:kdd2012:zhang2012inductive,
  title={Inductive multi-task learning with multiple view data},
  author={Zhang, Jintao and Huan, Jun},
  booktitle={Proceedings of the 18th ACM SIGKDD international conference on Knowledge discovery and data mining},
  pages={543--551},
  year={2012}
}

@inproceedings{mtl:kdd2012:gong2012robust,
  title={Robust multi-task feature learning},
  author={Gong, Pinghua and Ye, Jieping and Zhang, Changshui},
  booktitle={Proceedings of the 18th ACM SIGKDD international conference on Knowledge discovery and data mining},
  pages={895--903},
  year={2012}
}

@inproceedings{mtl:kdd2011:ChenZY11,
  author    = {Jianhui Chen and
               Jiayu Zhou and
               Jieping Ye},
  title     = {Integrating low-rank and group-sparse structures for robust
               multi-task learning},
  booktitle = {KDD},
  year      = {2011},
  pages     = {42-50}
}

@inproceedings{mtl:kdd2011:ZhouYLY11,
  author    = {Jiayu Zhou and
               Lei Yuan and
               Jun Liu and
               Jieping Ye},
  title     = {A multi-task learning formulation for predicting disease
               progression},
  booktitle = {KDD},
  year      = {2011},
  pages     = {814-822}
}

@inproceedings{mtl:kdd2011:ChenLY10,
  author    = {Jianhui Chen and
               Ji Liu and
               Jieping Ye},
  title     = {Learning incoherent sparse and low-rank patterns from multiple
               tasks},
  booktitle = {KDD},
  year      = {2010},
  pages     = {1179-1188}
}

@inproceedings{mtl:kdd2011:ZhangY10,
  author    = {Yu Zhang and
               Dit-Yan Yeung},
  title     = {Transfer metric learning by learning task relationships},
  booktitle = {KDD},
  year      = {2010},
  pages     = {1199-1208}
}

@inproceedings{mtl:kdd2011:ChapelleSVWZT10,
  author    = {Olivier Chapelle and
               Pannagadatta K. Shivaswamy and
               Srinivas Vadrevu and
               Kilian Q. Weinberger and
               Ya Zhang and
               Belle L. Tseng},
  title     = {Multi-task learning for boosting with application to web
               search ranking},
  booktitle = {KDD},
  year      = {2010},
  pages     = {1189-1198}
}

@inproceedings{mtl:NIPS2012:vf,
title ={Multi-task Vector Field Learning},
author={Binbin Lin and Sen Yang and Chiyuan Zhang and Jieping Ye and Xiaofei He},
booktitle = {Advances in Neural Information Processing Systems 25},
pages = {296--304},
year = {2012}
}

@incollection{mtl:NIPS2012:zhang,
title ={Multi-Stage Multi-Task Feature Learning},
author={Pinghua Gong and Jieping Ye and Changshui Zhang},
booktitle = {Advances in Neural Information Processing Systems 25},
pages = {1997--2005},
year = {2012}
}

@inproceedings{mtl:icml2013:maurer2012sparse,
  title={Sparse coding for multitask and transfer learning},
  author={Maurer, Andreas and Pontil, Massimiliano and Romera-Paredes, Bernardino},
  booktitle = {Advances in Neural Information Processing Systems 25},
  year={2012}
}

@inproceedings{mtl:NIPS2012:Averaging,
title ={Multi-Task Averaging},
author={Sergey Feldman and Maya Gupta and Bela Frigyik},
booktitle = {Advances in Neural Information Processing Systems 25},
pages = {1178--1186},
year = {2012}
}

@inproceedings{cmtl:NIPS2008:bach,
 title = {Clustered Multi-Task Learning: A Convex Formulation},
 author = {Laurent Jacob and Francis Bach and Jean-Philippe Vert},
 booktitle = {Advances in Neural Information Processing Systems 21},
 editor = {D. Koller and D. Schuurmans and Y. Bengio and L. Bottou},
 pages = {745--752},
 year = {2009}
}

@inproceedings{mtl:NIPS2012:huawang,
title ={High-Order Multi-Task Feature Learning to Identify Longitudinal Phenotypic Markers for Alzheimer's Disease Progression Prediction},
author={Hua Wang and Feiping Nie and Heng Huang and Jingwen Yan and Sungeun Kim and Shannon Risacher and Andrew Saykin and Li Shen},
booktitle = {Advances in Neural Information Processing Systems 25},
editor = {P. Bartlett and F.C.N. Pereira and C.J.C. Burges and L. Bottou and K.Q. Weinberger},
pages = {1286--1294},
year = {2012},
url = {http://books.nips.cc/papers/files/nips25/NIPS2012_0621.pdf}
}
